@Manual{oetiker99:_not_so_short_introd_latex,
  title = 	 {The Not So Short
Introduction to \LaTeX2e},
  author =	 {Oetiker, Tobias and Partl, Hubert and Hyna, Irene and Schlegl, Elisabeth},
  edition =	 {4.26},
  year =	 2008,
  note =	 {available at \href{http://tobi.oetiker.ch/lshort/lshort.pdf}{\texttt{http://tobi.oetiker.ch/lshort/lshort.pdf}}}
}

